% Encoding: UTF-8

@Book{wi14,
  title     = {An√°lisis 2},
  publisher = {Gemar},
  year      = {2014},
  author    = {John Williams},
}

@Article{pe18,
  author  = {Juan perez and john smith},
  title   = {Acerca del crecimiento},
  journal = {Aprendiendo},
  year    = {2018},
  volume  = {6},
  number  = {11},
  pages   = {20-40},
}

@Comment{jabref-meta: databaseType:bibtex;}
