% Encoding: UTF-8

@Book{ven14,
  title     = {Análisis Matemático 2},
  publisher = {Gemar},
  year      = {2014},
  author    = {Armando Venero},
}

@Article{pe17,
  author  = {Juan perez and john smith},
  title   = {aprendiendo a correr},
  journal = {Reconociendo},
  year    = {2017},
  volume  = {6},
  number  = {12},
  pages   = {90-96},
}

@Comment{jabref-meta: databaseType:bibtex;}
