% Encoding: UTF-8

@Article{Acemoglu2010,
  author  = {Acemoglu, Daron},
  title   = {Productivity {D}ifferences {B}etween and {W}ithin {C}ountries},
  journal = {American Economic Journal, Macroeconomics},
  year    = {2010},
  volume  = {2},
  pages   = {169--188},
}

@Comment{jabref-meta: databaseType:bibtex;}
