@Article{Acemoglu2010,
	author  = {Acemoglu, Daron},
	title   = {Productivity {D}ifferences {B}etween and {W}ithin {C}ountries},
	journal = {American Economic Journal, Macroeconomics},
	year    = {2010},
	volume  = {2},
	pages   = {169--188},
}
@techreport{alvarez2008models,
	title={Models of idea flows},
	author={Alvarez, Fernando E and Buera, Francisco J and Lucas Jr, Robert E},
	year={2008},
	institution={National Bureau of Economic Research}
}
@article{dao2012population,
	title={Population and economic growth in developing countries},
	author={Dao, Minh Quang},
	journal={International Journal of Academic Research in Business and Social Sciences},
	volume={2},
	number={1},
	pages={6},
	year={2012},
	publisher={Human Resource Management Academic Research Society}
}
@article{fuhrer2004estimating,
	title={Estimating Forward Looking Euler Equations with Gmm Estimators: An Optimal Instuments Approach},
	author={Fuhrer, Jeffrey C and Olivei, Giovanni},
	year={2004}
}
@article{gennaioli2012human,
	title={Human capital and regional development},
	author={Gennaioli, Nicola and La Porta, Rafael and Lopez-de-Silanes, Florencio and Shleifer, Andrei},
	journal={The Quarterly journal of economics},
	volume={128},
	number={1},
	pages={105--164},
	year={2012},
	publisher={MIT Press}
}
@Electronic{InstitutoNacionaldeEstadistica2015,
	author       = {{Instituto Nacional de Estadística, Geografía e Informática (INEGI)}},
	year         = {2015},
	howpublished = {Banco de Información Económica (BIE). \url{http://www.inegi.org.mx/sistemas/bie/}},
	address      = {Consultado en diciembre de 2015},
}